@misc{bitcoin,
  author = "Satoshi Nakamoto",
  title = "Bitcoin: A Peer-to-Peer Electronic Cash System",
  howpublished = "\url{https://bitcoin.org/bitcoin.pdf}",
  note = "[Accessed 5 Apr. 2022.]"
}

@misc{dapps,	
	title = "Introduction to Dapps",
	howpublished = "\url{https://ethereum.org/en/developers/docs/dapps/}",
	note = "[Accessed 5 Apr. 2022.]"
}

@misc{defi,
	title = "Decentralized finance (DeFi)",
	howpublished = "\url{https://ethereum.org/en/defi/#ethereum-and-defi}",
	note = "[Accessed 5 Apr. 2022.]"
}

@misc{evm,
	title = "Ethereum Virtual Machine (EVM)",
	howpublished = "\url{https://ethereum.org/en/developers/docs/evm/#top}",
	note = "[Accessed 5 Apr. 2022.]"
}

@misc{szabo,
	title = "Nick Szabo",
	howpublished = "\url{https://en.wikipedia.org/wiki/Nick_Szabo#cite_note-1}",
	note = "[Accessed 5 Apr. 2022.]"
}

@misc{wiki:ecc,
	author = "Wikipedia",
	title = "{Elliptic-curve cryptography} --- {W}ikipedia{,} The Free Encyclopedia",
	year = "2022",
	howpublished = {\url{http://en.wikipedia.org/w/index.php?title=Elliptic-curve\%20cryptography&oldid=1081874678}},
	note = "[accessed 13-April-2022]"
}

@misc{evm-illustrate,
	author = "Takenobu T.",
	title = "Ethereum EVM illustrated",
	howpublished={\url{https://takenobu-hs.github.io/downloads/ethereum_evm_illustrated.pdf}},
	note = "[accessed 15-April-2022]"
} 


@misc{gastracker,	
	title = "Gas Tracker",
	howpublished = "\url{https://etherscan.io/gastracker}",
	note = "[Accessed 17 Apr. 2022.]"
}
@misc{solidity,	
	title = "Solidity",
	howpublished = "\url{https://docs.soliditylang.org/en/v0.8.13/index.html}",
	note = "[Accessed 18 Apr. 2022.]"
}
@misc{smartcontracts,	
	title = "Introduction to Smart Contracs",
	howpublished = "\url{https://ethereum.org/en/developers/docs/smart-contracts/}",
	note = "[Accessed 18 Apr. 2022.]"
}
@misc{evmbytecode,	
	title = "Ethereum Virtual Machine Opcodes",
	howpublished = "\url{https://ethervm.io/}",
	note = "[Accessed 18 Apr. 2022.]"
}
@misc{vyper,	
	title = "Vyper",
	howpublished = "\url{https://vyper.readthedocs.io/en/latest/}",
	note = "[Accessed 18 Apr. 2022.]"
}
 @misc{fe, 
 	title={A next generation, statically typed, future-proof smart contract language for the Ethereum Virtual Machine},
 	howpublished = "\url{https://fe-lang.org/}",
 	note = "[Accessed 18 Apr. 2022.]"
}
@misc{abi,	
	title = "{Contract ABI Specification}",
	howpublished = "\url{https://docs.soliditylang.org/en/latest/abi-spec.html}",
	note = "[Accessed 18 Apr. 2022.]"
}
@misc{wiki:Token,
	author = "Wikipedia",
	title = "{Token} --- {W}ikipedia{,} The Free Encyclopedia",
	year = "2022",
	howpublished = {\url{http://en.wikipedia.org/w/index.php?title=Token&oldid=1066372445}},
	note = "[Accessed 18 Apr. 2022.]"
}
@misc{tokens,	
	title = "{Tokens}",
	howpublished = "\url{https://docs.openzeppelin.com/contracts/4.x/tokens}",
	note = "[Accessed 18 Apr. 2022.]"
}
@misc{oracles,	
	title = "{Oracles}",
	howpublished = "\url{https://ethereum.org/en/developers/docs/oracles/}",
	note = "[Accessed 18 Apr. 2022.]"
}
@misc{erc20,	
	title = "{EIP-20: Token standard}",
	howpublished = "\url{https://eips.ethereum.org/EIPS/eip-20}",
	journal={Ethereum Improvement Proposals},
	author={Fabian Vogelsteller, Vitalik Buterin}, 
	year={2015}, 
	note = "[Accessed 18 Apr. 2022.]"
}
@misc{erc721,	
	title = "{EIP-721: Non-Fungible Token Standard}",
	howpublished = "\url{https://eips.ethereum.org/EIPS/eip-721}",
	journal={Ethereum Improvement Proposals},
	author={William Entriken (@fulldecent), Dieter Shirley}, 
	year={2018}, 
	note = "[Accessed 18 Apr. 2022.]"
}
@misc{iso,	
	title = "{ISO}",
	howpublished = "\url{
	https://www.iso.org/obp/ui/#iso:std:iso-iec-ieee:29148:ed-2:v1:en}",
	note = "[Accessed 21 Apr. 2022.]"
}
@misc{wiki:MetaMask,
	author = "Wikipedia",
	title = "{MetaMask} --- {W}ikipedia{,} The Free Encyclopedia",
	year = "2022",
	howpublished = {\url{http://en.wikipedia.org/w/index.php?title=MetaMask&oldid=1083935548}},
	note = "[accessed 22-April-2022]"
}
@misc{ens,	
	title = "{Ethereum Name Service}",
	howpublished = "\url{https://ens.domains/}",
	note = "[Accessed 22 Apr. 2022.]"
}
