@misc{wikipedia,
  author = "Wikipedia",
  title = "Wikipedia",
  journal = "\url{http://www.wikipedia.org/}",
  note = "[letzter Zugriff: 7. Aug. 2014]"
}

@misc{dante,
  title = "dante: {D}eutschsprachige {A}nwendervereinigung {T}e{X} e.{V}.",
  key = "dante",
  howpublished = "\url{http://www.dante.de/}", 
  note = "[letzter Zugriff: 7. Aug. 2014]"
}
@misc{fal,
  title = "{Free Art Licence}",
  key = "licence",
  howpublished = "\url{http://artlibre.org/licence/lal/en}",
  note = "[letzter Zugriff: 7. Aug. 2014]"
}