
@book{kopka,
  author =       "Helmut Kopka",
  title =        {LaTeX: Eine Einf\"uhrung},
  edition =      "4",
  publisher =    "Addison-Wesley",
  address =      "Bonn",
  year =         "1992",
  ISBN =         "3-89319-434-7",
}

@book{knuth,
  author =       "Donald E. Knuth",
  title =        "The TeX Book",
  publisher =    "Addison-Wesley",
  year =         "1984",
  note =         "Reprinted as Vol. A of {\it Computers \& Typesetting\/}, 
                  1986"
}



@article{manna70,
 author = {Manna, Zohar and Pnueli, Amir},
 title = {Formalization of Properties of Functional Programs},
 journal = {J. ACM},
 volume = {17},
 issue = {3},
 month = {July},
 year = {1970},
 issn = {0004-5411},
 pages = {555--569},
 numpages = {15},
 acmid = {321606},
 publisher = {ACM},
 address = {New York, NY, USA},
}

@article{libsvm,
 author = {Chang, Chih-Chung and Lin, Chih-Jen},
 title = {{LIBSVM}: A library for support vector machines},
 journal = {ACM Transactions on Intelligent Systems and Technology},
 volume = {2},
 issue = {3},
 year = {2011},
 pages = {27:1--27:27},
 note =	 {Software available at \url{http://www.csie.ntu.edu.tw/~cjlin/libsvm}}
}

